<record><leader>00000cas a2200000 a 4500</leader><controlfield tag="001">4921863</controlfield><controlfield tag="008">790503c19729999mtuwr ne      0   a0eng d</controlfield><controlfield tag="009">467</controlfield><datafield ind1=" " ind2=" " tag="010"><subfield code="a">sn 79002660 </subfield></datafield><datafield ind1=" " ind2=" " tag="040"><subfield code="a">NSD</subfield><subfield code="b">eng</subfield><subfield code="c">NSD</subfield><subfield code="d">MTL</subfield><subfield code="d">NSD</subfield><subfield code="d">OCL</subfield><subfield code="d">OCLCQ</subfield></datafield><datafield ind1=" " ind2=" " tag="012"><subfield code="k">1</subfield><subfield code="m">1</subfield></datafield><datafield ind1="1" ind2=" " tag="022"><subfield code="a">0191-5916</subfield><subfield code="l">0191-5916</subfield><subfield code="2">1</subfield></datafield><datafield ind1=" " ind2=" " tag="032"><subfield code="a">000464</subfield><subfield code="b">USPS</subfield></datafield><datafield ind1=" " ind2=" " tag="042"><subfield code="a">nsdp</subfield></datafield><datafield ind1="0" ind2=" " tag="130"><subfield code="a">Ronan pioneer (Ronan, Mont. : 1972)</subfield></datafield><datafield ind1=" " ind2="4" tag="222"><subfield code="a">The Ronan pioneer</subfield></datafield><datafield ind1="0" ind2="4" tag="245"><subfield code="a">The Ronan pioneer.</subfield></datafield><datafield ind1="1" ind2="0" tag="246"><subfield code="a">Pioneer</subfield></datafield><datafield ind1=" " ind2=" " tag="260"><subfield code="a">Ronan, Mont. :</subfield><subfield code="b">L.M. Jacobson and P.H. Rugleberg,</subfield><subfield code="c">1972-</subfield></datafield><datafield ind1=" " ind2=" " tag="300"><subfield code="a">v. :</subfield><subfield code="b">ill. ;</subfield><subfield code="c">58 cm.</subfield></datafield><datafield ind1=" " ind2=" " tag="310"><subfield code="a">Weekly</subfield></datafield><datafield ind1="0" ind2=" " tag="362"><subfield code="a">Vol. 63, no. 15 (June 8, 1972)-</subfield></datafield><datafield ind1=" " ind2=" " tag="752"><subfield code="a">United States</subfield><subfield code="b">Montana</subfield><subfield code="c">Lake</subfield><subfield code="d">Ronan.</subfield></datafield><datafield ind1="0" ind2="0" tag="780"><subfield code="t">Ronan pioneer and the Hot Springs citizen</subfield><subfield code="w">(DLC)sn 86075297</subfield></datafield></record>